<?xml version="1.0" encoding="UTF-8"?><collection xmlns="http://www.loc.gov/MARC21/slim"><record><leader>00363nam--2200133-i-4500</leader><controlfield tag="001">000049479</controlfield><controlfield tag="002">20161230</controlfield><controlfield tag="005">20161230201047</controlfield><controlfield tag="008">060222s1000------------r-----000-0-eng-d</controlfield><datafield ind1=" " ind2=" " tag="080"><subfield code="a">546.02:553.495</subfield></datafield><datafield ind1=" " ind2=" " tag="100"><subfield code="a">Alehina,V.M</subfield></datafield><datafield ind1=" " ind2=" " tag="245"><subfield code="a">Izotophye parametry vod razlomov zemnoi kory v seismicheskii aktivnoi zone</subfield></datafield><datafield ind1=" " ind2=" " tag="260"><subfield code="a">Frunze, Ilim, 1980. 105 S</subfield></datafield><datafield ind1=" " ind2=" " tag="852"><subfield code="a">49550</subfield></datafield></record></collection>